
@online{GitHub,
    author    = "MatthewPeterKelly",
    title     = "OptimTraj",
    url       = "https://github.com/MatthewPeterKelly/OptimTraj",
    keywords  = "trajectory, optimization, Matlab"
}
